Value Date,Description,Credit Amount,Debit Amount,Immediate Available,1 Day Available,2 Days Available,3+ Days Available,Addenda,Credit Totals,Debit Totals,Transaction Date,Customer Reference,Bank Reference,Report Time,SR,Your Reference,Received From,Fed ID,BO Customer,Paid To,BO Bank,Fed Time,Fed Reference,Rec GFP,MRN Sequence,Chip Sequence,Chip Reference,Remarks,Originating Company Name,Originating ID,Description Date,Entry Description,Entry Class,Trace Number,Entry Date,Ind ID Number,Ind Name,Company Data,Originating Bank
2019-05-20,FEDWIRE CREDIT,6023.00,0.0,,,,,,,,2019-05-20,550 1620114,6281409140FF,17:04,STRAIGHT,550 1620114,WELLS FARGO BANK, N.A. 375 PARK AVENUE NY 4080 NEW YORK NY 10152,026005092,/149608 GENERADORES DE VAPOR Y EQUIPOS SA ID.20101284477 AV JAVIER PRADO ESTE 1486  S ISIDRO LIMA PERU,,SCOTIABANK PERU S.A.A. HEAD OFFICE FRMLY SCOTIAPE FOR SBP DPR LIMA, PERU,17:02,0520 B6B7001C 007772 **VIA FED**,05202102,1905202855007772,,,/INV/3306722413 DEBIT REF 1905202855007772,,,,,,,,,,,
2019-05-20,ELECTRNIC LOCKBOX CR,1220415.24,0.0,20,100.24,859,380.00,326,065.00,14,870.00,,,,2019-05-20,26717,0102298140LB,02:46,,,,,,,,,,,,,,LOCKBOX NO: 26717 FOR 135 ITEMS AT 16:00 7 TRN: 0102298140LB,,,,,,,,,,,
2019-05-20,ELECTRNIC LOCKBOX CR,1045559.16,0.0,334,031.16,652,764.00,58,550.00,214.00,,,,2019-05-20,26717,0102297140LB,02:46,,,,,,,,,,,,,,LOCKBOX NO: 26717 FOR 88 ITEMS AT 09:30 7 TRN: 0102297140LB,,,,,,,,,,,
2019-05-20,EFT CREDIT,408201.44,0.0,,,,,,,,2019-05-20,Xylem,1374036567TC,08:37,,,,,,,,,,,,,,,Cogent,1440582909,,VENDOR PMT,CCD,081006164036567,2005-01-09,,Xylem Water Solutions,,08100616
2019-05-20,EFT CREDIT,304321.04,0.0,,,,,,,,2019-05-20,FCS000244212892,1374226102TC,08:37,,,,,,,,,,,,,,,AMAZON.CO1269928,6820544687,,EDI PYMNTS,CCD,091000014226102,2005-01-09,FCS000244212892,XYLEM INC,EDI,NORWEST BANK, NORTHWESTERN
2019-05-20,EFT CREDIT,62852.81,0.0,,,,,,,,2019-05-20,A000000089,1374226129TC,08:37,,,,,,,,,,,,,,,Odessa Pumps,1751720387,,EDI PYMNTS,CCD,091000014226129,2005-01-09,A000000089,XYLEM WATER SOLUTIONS,EDI,NORWEST BANK, NORTHWESTERN
2019-05-20,EFT CREDIT,55834.35,0.0,,,,,,,,2019-05-20,XYLEM,1374226122TC,08:37,,,,,,,,,,,,,,,C H SPENCER LLC,4001763001,,VENDOR PMT,CCD,026010784226122,2005-01-09,,XYLEM,,02601078
2019-05-20,EFT CREDIT,54656.09,0.0,,,,,ISA*00* *00* *ZZ*WWG2 *ZZ*WELLS FARGO *190515*233  6*U*00401*089673221*0*P*~\GS*RA*WWG2*WELLS FARGO*20190515*2336*1*X*004010\ST*820  *000000024\BPR*D*54656.09*C*ACH*CTX*01*121000248*DA*002000014805613*3361150280**  01*021000021*DA*496561379*20190519\TRN*1*2008592861*3361150280\REF*TN*2008592861  \N1*PR*WW Grainger Inc\N1*PE*FLUID HANDLING LLC - BELL & GOSSETT\REF*VN*23004631  \ENT*1\RMR*IV*3303370711*PI*5788.72*5811.56*22.84\DTM*003*20190416\RMR*IV*330337  0711*PI*-2.81*-2.82*-.01\NTE*INV*SHORT-1 PO 4625466831 PN 6JHF8\DTM*003*20190515  \RMR*IV*3303371512*PI*11.24*11.28*.04\DTM*003*20190418\RMR*IV*3303375069*PI*1061  6.54*10818.96*202.42\DTM*003*20190502\RMR*IV*3303375091*PI*1221.55*1244.04*22.49  \DTM*003*20190502\RMR*IV*3303375921*PI*1750.67*1784.05*33.38\DTM*003*20190506\RM  R*IV*3303375946*PI*2071.85*2110*38.15\DTM*003*20190506\RMR*IV*3303376563*PI*1040  .07*1059.22*19.15\DTM*003*20190507\RMR*IV*3303376579*PI*331.76*338.09*6.33\DTM*0  03*20190507\RMR*IV*3303376992*PI*536.22*546.44*10.22\DTM*003*20190508\RMR*IV*330  3377010*PI*587.46*598.28*10.82\DTM*003*20190508\RMR*IV*3303377309*PI*1189.65*121  0.77*21.12\DTM*003*20190509\RMR*IV*3303377724*PI*2674.92*2724.17*49.25\DTM*003*2  0190510\RMR*IV*3303377725*PI*1231.17*1254.64*23.47\DTM*003*20190510\RMR*IV*33033  77729*PI*1962.3*1998.43*36.13\DTM*003*20190510\RMR*IV*3303377732*PI*2621.72*2669  .99*48.27\DTM*003*20190510\RMR*IV*3303377760*PI*626.26*637.79*11.53\DTM*003*2019  0510\RMR*IV*3303378090*PI*1856.42*1891.82*35.4\DTM*003*20190513\RMR*IV*330337809  0*PI*-59.25*-60.38*-1.13\NTE*INV*PRICE OVERAGE PO 4625659031 PN 422W63\DTM*003*2  0190515\RMR*IV*3303378093*PI*2784.64*2837.73*53.09\DTM*003*20190513\RMR*IV*33033  78093*PI*-88.88*-90.57*-1.69\NTE*INV*PRICE OVERAGE PO 4625718650 PN 422W63\DTM*0  03*20190515\RMR*IV*3303378552*PI*1489.23*1517.62*28.39\DTM*003*20190514\RMR*IV*3  303378581*PI*11302.7*11510.82*208.12\DTM*003*20190514\RMR*IV*3306727552*PI*61.82  *63*1.18\DTM*003*20190508\RMR*IV*3306727775*PI*574.46*585.41*10.95\DTM*003*20190  508\RMR*IV*3306727777*PI*447.29*455.53*8.24\DTM*003*20190508\RMR*IV*3306728747*P  I*132.52*135.05*2.53\DTM*003*20190510\RMR*IV*3306728991*PI*1085.48*1103.32*17.84  \DTM*003*20190511\RMR*IV*3306729729*PI*199.39*203.06*3.67\DTM*003*20190514\RMR*I  V*3306729731*PI*15.05*15.33*.28\DTM*003*20190514\RMR*IV*3306729732*PI*595.93*606  .9*10.97\DTM*003*20190514\SE*74*000000024\GE*1*1\IEA*1*089673221\,,,2019-05-20,2008592861,1400316373TC,04:52,,,,,,,,,,,,,,,WW Grainger Inc,3361150280,2005-01-09,EDI PYMNTS,CTX,091000010316373,2005-01-09,2008592861,0030FLUID HANDLING L,EDI,NORWEST BANK, NORTHWESTERN
2019-05-20,EFT CREDIT,53530.73,0.0,,,,,ISA*00* *00* *ZZ*WWG2 *ZZ*WELLS FARGO *190516*233  9*U*00401*055121584*0*P*~\GS*RA*WWG2*WELLS FARGO*20190516*2339*1*X*004010\ST*820  *000000027\BPR*D*53530.73*C*ACH*CTX*01*121000248*DA*002000014805613*3361150280**  01*021000021*DA*496561379*20190520\TRN*1*2008596762*3361150280\REF*TN*2008596762  \N1*PR*WW Grainger Inc\N1*PE*FLUID HANDLING LLC - BELL & GOSSETT\REF*VN*23004631  \ENT*1\RMR*IV*3303371122*PI*10076.96*10136.56*59.6\DTM*003*20190417\RMR*IV*33033  71122*PI*-237.99*-239.4*-1.41\NTE*INV*SHORT-38 PO 4625530233 PN 3CFA7\DTM*003*20  190516\RMR*IV*3303375051*PI*8903.58*9067.52*163.94\DTM*003*20190502\RMR*IV*33033  76971*PI*1403.17*1429.92*26.75\DTM*003*20190508\RMR*IV*3303376973*PI*142.24*144.  95*2.71\DTM*003*20190508\RMR*IV*3303376974*PI*1913.71*1950.2*36.49\DTM*003*20190  508\RMR*IV*3303376993*PI*536.22*546.44*10.22\DTM*003*20190508\RMR*IV*3303376995*  PI*495.94*505.4*9.46\DTM*003*20190508\RMR*IV*3303376996*PI*1323.86*1349.1*25.24\  DTM*003*20190508\RMR*IV*3303377000*PI*1168.36*1190.64*22.28\DTM*003*20190508\RMR  *IV*3303377001*PI*595.4*606.75*11.35\DTM*003*20190508\RMR*IV*3303377310*PI*255.2  5*260.12*4.87\DTM*003*20190509\RMR*IV*3303377727*PI*525.3*535.32*10.02\DTM*003*2  0190510\RMR*IV*3303377731*PI*491.14*500.5*9.36\DTM*003*20190510\RMR*IV*330337776  1*PI*625.86*637.79*11.93\DTM*003*20190510\RMR*IV*3303377762*PI*648.43*660.37*11.  94\DTM*003*20190510\RMR*IV*3303377763*PI*648.85*660.37*11.52\DTM*003*20190510\RM  R*IV*3303378096*PI*1465.85*1493.8*27.95\DTM*003*20190513\RMR*IV*3303378107*PI*74  4.61*758.81*14.2\DTM*003*20190513\RMR*IV*3303378112*PI*938.96*956.25*17.29\DTM*0  03*20190513\RMR*IV*3306720356*PI*12023.87*12142.5*118.63\DTM*003*20190416\RMR*IV  *3306720356*PI*-515.8*-520.89*-5.09\NTE*INV*SHORT-1 PO 4625545146 PN 5NXX0\DTM*0  03*20190515\RMR*IV*3306720356*PI*-61.69*-62.3*-.61\NTE*INV*PRICE OVERAGE PO 4625  545146 PN 52TW76\DTM*003*20190515\RMR*IV*3306727779*PI*996.75*1015.75*19\DTM*003  *20190508\RMR*IV*3306728744*PI*555.46*565.69*10.23\DTM*003*20190510\RMR*IV*33067  30231*PI*1191.85*1213.8*21.95\DTM*003*20190515\RMR*IV*3306730233*PI*669.77*682.1  *12.33\DTM*003*20190515\RMR*IV*3306730234*PI*958.92*976.58*17.66\DTM*003*2019051  5\RMR*IV*3306730235*PI*5045.9*5138.81*92.91\DTM*003*20190515\SE*70*000000027\GE*  1*1\IEA*1*055121584\,,,2019-05-20,2008596762,1400316198TC,04:52,,,,,,,,,,,,,,,WW Grainger Inc,3361150280,2005-01-09,EDI PYMNTS,CTX,091000010316198,2005-01-09,2008596762,0029FLUID HANDLING L,EDI,NORWEST BANK, NORTHWESTERN
2019-05-20,EFT CREDIT,42728.57,0.0,,,,,ISA*00* *00* *ZZ*CITIBANK *ZZ*GTSTRADE-ACH *190517*163  0*U*00200*000000001*0*P*:\GS*RA*GTSTRADE-EFT*GTSTRADE-ACH*20190517*1630*00000000  1*X *004010 \ST*820*000010335\BPR*X*42728.57*C*ACH*CTX*01*021000089*DA*3076  5952*1135266470**01*021000021*DA*000000496561379*20190520\REF*TN*0016925086\N1*P  R*CITIBANK US\N1*PE*FLOW CONTROL LLC\ENT*1\RMR*IV*4132348565**23215*23215\REF*PO  *4508021998\REF*VV*0000165372515\REF*RF*0044090915\DTM*003*20190509\RMR*IV*41323  48566**17026.8*17026.8\REF*PO*4508022002\REF*VV*0000165372516\REF*RF*0044090915\  DTM*003*20190509\RMR*IV*4132348369**2785.8*2785.8\REF*PO*4508021999\REF*VV*00001  65372514\REF*RF*0044090914\DTM*003*20190508\SE*22*000010335\GE*000001*000000001\  IEA*00001*000000001\,,,2019-05-20,0016925086,1409796156TC,04:52,,,,,,,,,,,,,,,GTSTRADE 5952,1135266470,2021-05-20,EDI PAYMNT,CTX,028000089796156,2005-01-09,0016925086,0010FLOW CONTROL LLC,,02800008
2019-05-20,EFT CREDIT,37607.37,0.0,,,,,,,,2019-05-20,XYLEM INC,1374226116TC,08:37,,,,,,,,,,,,,,INV PMNT 3303361245/3303362031,SAEG ENGINEERING,C650972191,,VENDORPAY,CCD,053101124226116,2005-01-09,XYLEM INC,XYLEM INC,,BRANCH BANKING and TRUST
2019-05-20,EFT CREDIT,35543.42,0.0,,,,,,,,2019-05-20,000000000000000,1374226110TC,08:37,,,,,,,,,,,,,,,SiteOneLands PMD,7010532275,2005-01-09,PAYMENT,CCD,051000014226110,2005-01-09,000000000000000,Xylem.Paid,,Bank of America
2019-05-20,EFT CREDIT,33620.04,0.0,,,,,ISA*00* *00* *ZZ*WWG2 *ZZ*WELLS FARGO *190514*233  8*U*00401*041899960*0*P*~\GS*RA*WWG2*WELLS FARGO*20190514*2338*1*X*004010\ST*820  *000000020\BPR*D*33620.04*C*ACH*CTX*01*121000248*DA*002000014805613*3361150280**  01*021000021*DA*496561379*20190518\TRN*1*2008589811*3361150280\REF*TN*2008589811  \N1*PR*WW Grainger Inc\N1*PE*FLUID HANDLING LLC - BELL & GOSSETT\REF*VN*23004631  \ENT*1\RMR*IV*3303371125*PI*5576.03*5605.35*29.32\DTM*003*20190417\RMR*IV*330337  1125*PI*-1247.47*-1254.03*-6.56\NTE*INV*SHORTAGE-1 PO 4625460129 SKU 5JPD6\DTM*0  03*20190513\RMR*IV*3303376530*PI*1271.97*1292.88*20.91\DTM*003*20190507\RMR*IV*3  303376544*PI*110.06*112.16*2.1\DTM*003*20190507\RMR*IV*3303376546*PI*457.42*464.  64*7.22\DTM*003*20190507\RMR*IV*3303376547*PI*588.61*598.28*9.67\DTM*003*2019050  7\RMR*IV*3303376560*PI*255.25*260.12*4.87\DTM*003*20190507\RMR*IV*3303376969*PI*  308.88*313.96*5.08\DTM*003*20190508\RMR*IV*3303376972*PI*718.95*732.66*13.71\DTM  *003*20190508\RMR*IV*3303376975*PI*1711.25*1743.88*32.63\DTM*003*20190508\RMR*IV  *3303376987*PI*928.82*946.53*17.71\DTM*003*20190508\RMR*IV*3303376997*PI*864.08*  880.56*16.48\DTM*003*20190508\RMR*IV*3303376998*PI*1759.88*1793.44*33.56\DTM*003  *20190508\RMR*IV*3303377004*PI*537.6*546.44*8.84\DTM*003*20190508\RMR*IV*3303377  289*PI*1861.01*1895.28*34.27\DTM*003*20190509\RMR*IV*3303377312*PI*268.28*273.22  *4.94\DTM*003*20190509\RMR*IV*3303377733*PI*2365.93*2411.04*45.11\DTM*003*201905  10\RMR*IV*3303377752*PI*3035.1*3092.97*57.87\DTM*003*20190510\RMR*IV*3303377752*  PI*-77.45*-78.93*-1.48\NTE*INV*PRICE OVERAGE PO 4625658270 PN 422W59\DTM*003*201  90514\RMR*IV*3303377765*PI*1011.7*1030.99*19.29\DTM*003*20190510\RMR*IV*33033777  65*PI*-25.82*-26.31*-.49\NTE*INV*PRICE OVERAGE PO 4625718341 PN 422W59\DTM*003*2  0190514\RMR*IV*3303377766*PI*411.32*419.16*7.84\DTM*003*20190510\RMR*IV*33033777  69*PI*3782.13*3854.24*72.11\DTM*003*20190510\RMR*IV*3303377769*PI*-34.62*-35.28*  -.66\NTE*INV*PRICE OVERAGE PO 4625718650 PN 422W58\DTM*003*20190514\RMR*IV*33033  77769*PI*-28.57*-29.11*-.54\NTE*INV*PRICE OVERAGE PO 4625718650 PN 422W65\DTM*00  3*20190514\RMR*IV*3303377769*PI*-52.03*-53.02*-.99\NTE*INV*PRICE OVERAGE PO 4625  718650 PN 422W70\DTM*003*20190514\RMR*IV*3303377770*PI*1296.03*1320.74*24.71\DTM  *003*20190510\RMR*IV*3303378026*PI*4818.46*4907.18*88.72\DTM*003*20190513\RMR*IV  *3306727375*PI*165.62*168.78*3.16\DTM*003*20190507\RMR*IV*3306728745*PI*247.29*2  52*4.71\DTM*003*20190510\RMR*IV*3344034025*PI*497.4*505.58*8.18\DTM*003*20190506  \RMR*IV*3344034027*PI*236.93*241.29*4.36\DTM*003*20190506\SE*79*000000020\GE*1*1  \IEA*1*041899960\,,,2019-05-20,2008589811,1400316322TC,04:52,,,,,,,,,,,,,,,WW Grainger Inc,3361150280,2005-01-09,EDI PYMNTS,CTX,091000010316322,2005-01-09,2008589811,0033FLUID HANDLING L,EDI,NORWEST BANK, NORTHWESTERN
2019-05-20,EFT CREDIT,33066.03,0.0,,,,,ISA*00* *00* *01*006924948 *ZZ*061100790 *190517*150  1*U*00401*000012866*0*P*\~GS*RA*006924948*061100790*20190517*1501*12866*X*004010  ~ST*820*000000428~BPR*D*33066.03*C*ACH*CTX*01*061100790*DA*8800638267*1005802545  **01*021000021*DA*496561379*20190517~NTE*ADD* 3306720929 3306720930 33067209  ~NTE*ADD*31 3306720932 3306720933 3306~NTE*ADD*721136 3306721137 33067  21410 ~NTE*ADD*3306721411 3306721412 330672141~TRN*1*GPC0001519601*1005802  545~CUR*PE*USD~REF*TN*GPC0001519601~N1*RB*JPMORGAN CHASE BANK, NA~N1*PR*GENUINE  PARTS COMPANY~N1*PE*XYLEM WATER SOLUTIONS USA INC~ENT*1~RMR*IV*3306720929**1868.  34*1868.34*0~DTM*003*20190417~RMR*IV*3306720930**3925.74*3925.74*0~DTM*003*20190  417~RMR*IV*3306720931**294.53*294.53*0~DTM*003*20190417~RMR*IV*3306720932**250.2  3*250.23*0~DTM*003*20190417~RMR*IV*3306720933**274.56*274.56*0~DTM*003*20190417~  RMR*IV*3306721136**165.57*165.57*0~DTM*003*20190418~RMR*IV*3306721137**198.24*19  8.24*0~DTM*003*20190418~RMR*IV*3306721410**13029.06*13029.06*0~DTM*003*20190418~  RMR*IV*3306721411**2851.71*2851.71*0~DTM*003*20190418~RMR*IV*3306721412**294.53*  294.53*0~DTM*003*20190418~RMR*IV*3306721413**2930.41*2930.41*0~DTM*003*20190418~  RMR*IV*3306721874**613.32*613.32*0~DTM*003*20190418~RMR*IV*3306722081**406.74*40  6.74*0~DTM*003*20190418~RMR*IV*3306724170**2873.94*2873.94*0~DTM*003*20190418~RM  R*IV*3306724517**2303.23*2303.23*0~DTM*003*20190417~RMR*IV*4132345697**681.14*68  1.14*0~DTM*003*20190418~RMR*IV*4132345831**104.74*104.74*0~DTM*003*20190418~SE*4  8*000000428~GE*1*12866~IEA*1*000012866~,,,2019-05-20,GPC0001519601,1400316254TC,04:52,,,,,,,,,,,,,,,GENUINE PARTS CO,1005802545,2005-01-09,ACH,CTX,061000100316254,2005-01-09,GPC0001519601,0020XYLEM WATER SOLU,,SUNTRUST
2019-05-20,EFT CREDIT,26738.44,0.0,,,,,GWINNETT VEND INV# 3556A63765  GWINNETT VEND INV# 3556A63325,,,2019-05-20,2000065397,1400316250TC,04:52,,,,,,,,,,,,,,,GWINNETT COUNTY,2586000835,2005-01-09,GWINNETT,CTX,091000010316250,2005-01-09,2000065397,0002ITT FLYGT,,NORWEST BANK, NORTHWESTERN
2019-05-20,EFT CREDIT,24504.40,0.0,,,,,ISA*00**00**01*586000804 *01**190516*1158*U**000000001*0*P*:\GS*RA*58600080  4**20190516*1158*1*X*\ST*820*000000001\BPR*C*24504.4*C*ACH*CTX*01*011900445***15  86000804**01*021000021*DA*496561379*20190516*VEN\NTE*ZZZ*\TRN*1*201905163380635\  N1*PR*\N1*PE*XYLEM WATER SOLUTIONS USA INC\ENT*1\RMR*IV***24504.40\NTE**\SE*10*0  00000001\GE*1*1\IEA*1*000000001\,,,2019-05-20,201905163380635,1400316296TC,04:52,,,,,,,,,,,,,,,COBB COUNTY,1586000804,2005-01-09,VENDR PYMT,CTX,051000010316296,2005-01-09,201905163380635,0005VC0000110454,,Bank of America
2019-05-20,EFT CREDIT,19595.87,0.0,,,,,,,,2019-05-20,A01459,1374226112TC,08:37,,,,,,,,,,,,,,,MIDLAND IMP,2810166270,,ACH Paymt,PPD,091000014226112,2005-01-09,A01459,XYLEM INC,,NORWEST BANK, NORTHWESTERN
2019-05-20,EFT CREDIT,17764.12,0.0,,,,,,,,2019-05-20,1087734,1400316303TC,04:52,,,,,,,,,,,,,,IN234,023,813,581,966,SUPERIOR HOLDING,9480664281,2005-01-09,ACH Paymen,CCD,101100170316303,2005-01-09,1087734,Xylem Inc.,,10110017
2019-05-20,EFT CREDIT,17580.69,0.0,,,,,,,,2019-05-20,WACH119E1708,1400316306TC,04:52,,,,,,,,,,,,,,3559A40307 3559A47440 3559A60315,ROSEBEL GOLD MIN,3080300052,,IPSTOACH,CCD,091000010316306,2005-01-09,WACH119E1708,XYLEM WATER SOLUTIONS,,NORWEST BANK, NORTHWESTERN
2019-05-20,EFT CREDIT,14517.69,0.0,,,,,ISA*00* *00* *ZZ*CITIBANK *ZZ*GTSTRADE-ACH *190517*163  0*U*00200*000000001*0*P*:\GS*RA*GTSTRADE-EFT*GTSTRADE-ACH*20190517*1630*00000000  1*X *004010 \ST*820*000010332\BPR*X*14517.69*C*ACH*CTX*01*021000089*DA*3076  5952*1135266470**01*021000021*DA*000000496561379*20190520\REF*TN*0016925083\N1*P  R*CITIBANK US\N1*PE*FLOW CONTROL LLC\ENT*1\RMR*IV*4132348389**14334.45*14334.45\  REF*VV*0000165372167\REF*DS**CCP 373652 ITEM 20894 PACKING SL\REF*RF*00440908  63\DTM*003*20190508\RMR*IV*4132348964**283.78*283.78\REF*VV*0000165372168\REF*DS  **CCP 375914 ITEM 43972 PACKING SL\REF*RF*0044090864\DTM*003*20190513\SE*17*0  00010332\GE*000001*000000001\IEA*00001*000000001\,,,2019-05-20,0016925083,1409796145TC,04:52,,,,,,,,,,,,,,,GTSTRADE 5952,1135266470,2021-05-20,EDI PAYMNT,CTX,028000089796145,2005-01-09,0016925083,0009FLOW CONTROL LLC,,02800008
2019-05-20,EFT CREDIT,13583.39,0.0,,,,,,,,2019-05-20,36,1374226106TC,08:37,,,,,,,,,,,,,,,HYDROCHEMSYSTEMS,1381992827,,VoucherPmt,CCD,272480674226106,2005-01-09,36,XYLEM WATER SYSTEMS US,,27248067
2019-05-20,EFT CREDIT,11102.65,0.0,,,,,,,,2019-05-20,69230000171992,1374226119TC,08:37,,,,,,,,,,,,,,,Rain Bird Corpor,2951498991,,EDI PYMNTS,CCD,091000014226119,2005-01-09,69230000171992,XYLEM WATER SYSTEM USA,EDI,NORWEST BANK, NORTHWESTERN
2019-05-20,EFT CREDIT,9115.85,0.0,,,,,,,,2019-05-20,ROBBCO ROBBCO P,1374226127TC,08:37,,,,,,,,,,,,,,,City Bank,9000080171,2019-05-17,P2P PAYMNT,WEB,242071754226127,2005-01-09,ROBBCO ROBBCO P,ROBBCO ROBBCO PU,,24207175
2019-05-20,EFT CREDIT,8333.40,0.0,,,,,,,,2019-05-20,9236020 8849250,1409572077TC,16:35,,,,,,,,,,,,,,,HAJOCA CORP,2232203401,2019-05-20,A/P,CCD,011500129572077,2005-01-09,9236020 8849250,XYLEM INC,,CITIZENS BANK
2019-05-20,EFT CREDIT,7328.79,0.0,,,,,ISA*00* *00* *ZZ*WWG2 *ZZ*WELLS FARGO *190515*233  6*U*00401*089673221*0*P*~\GS*RA*WWG2*WELLS FARGO*20190515*2336*1*X*004010\ST*820  *000000025\BPR*D*7328.79*C*ACH*CTX*01*121000248*DA*002000014805613*3361150280**0  1*021000021*DA*496561379*20190519\TRN*1*2008593313*3361150280\REF*TN*2008593313\  N1*PR*WW Grainger Inc\N1*PE*FLOW CONTROL, LLC- A XYLEM SUBSID\REF*VN*23214311\EN  T*1\RMR*IV*4132345493*PI*196.26*197.03*.77\DTM*003*20190416\RMR*IV*4132345493*PI  *-34.63*-34.77*-.14\NTE*INV*SHORT-3 PO 4625443891 PN 3MUX3\DTM*003*20190515\RMR*  IV*4132345496*PI*873.91*878.5*4.59\DTM*003*20190416\RMR*IV*4132345496*PI*-274.66  *-276.1*-1.44\NTE*INV*SHORT-11 PO 4625482403 PN 4P018\DTM*003*20190515\RMR*IV*41  32348001*PI*5284.62*5385.38*100.76\DTM*003*20190506\RMR*IV*4132348327*PI*841.19*  856.12*14.93\DTM*003*20190508\RMR*IV*4132348543*PI*308.47*314.15*5.68\DTM*003*20  190509\RMR*IV*4132348548*PI*133.63*136.18*2.55\DTM*003*20190509\SE*27*000000025\  GE*1*1\IEA*1*089673221\,,,2019-05-20,2008593313,1400316404TC,04:52,,,,,,,,,,,,,,,WW Grainger Inc,3361150280,2005-01-09,EDI PYMNTS,CTX,091000010316404,2005-01-09,2008593313,0013FLOW CONTROL, LL,EDI,NORWEST BANK, NORTHWESTERN
2019-05-20,EFT CREDIT,6783.02,0.0,,,,,ISA*00* *00* *ZZ*WWG2 *ZZ*WELLS FARGO *190516*233  9*U*00401*055121584*0*P*~\GS*RA*WWG2*WELLS FARGO*20190516*2339*1*X*004010\ST*820  *000000028\BPR*D*6783.02*C*ACH*CTX*01*121000248*DA*002000014805613*3361150280**0  1*021000021*DA*496561379*20190520\TRN*1*2008597275*3361150280\REF*TN*2008597275\  N1*PR*WW Grainger Inc\N1*PE*FLOW CONTROL, LLC- A XYLEM SUBSID\REF*VN*23214311\EN  T*1\RMR*IV*4132348002*PI*5243.81*5343.79*99.98\DTM*003*20190506\RMR*IV*413234819  2*PI*695.83*708.64*12.81\DTM*003*20190507\RMR*IV*4132348329*PI*753.24*767.6*14.3  6\DTM*003*20190508\RMR*IV*4132348334*PI*90.14*91.86*1.72\DTM*003*20190508\SE*17*  000000028\GE*1*1\IEA*1*055121584\,,,2019-05-20,2008597275,1400316228TC,04:52,,,,,,,,,,,,,,,WW Grainger Inc,3361150280,2005-01-09,EDI PYMNTS,CTX,091000010316228,2005-01-09,2008597275,0009FLOW CONTROL, LL,EDI,NORWEST BANK, NORTHWESTERN
2019-05-20,EFT CREDIT,6164.36,0.0,,,,,ISA*00* *00* *ZZ*WWG2 *ZZ*WELLS FARGO *190514*233  8*U*00401*041899960*0*P*~\GS*RA*WWG2*WELLS FARGO*20190514*2338*1*X*004010\ST*820  *000000021\BPR*D*6164.36*C*ACH*CTX*01*121000248*DA*002000014805613*3361150280**0  1*021000021*DA*496561379*20190518\TRN*1*2008590197*3361150280\REF*TN*2008590197\  N1*PR*WW Grainger Inc\N1*PE*FLOW CONTROL, LLC- A XYLEM SUBSID\REF*VN*23214311\EN  T*1\RMR*IV*4132347768*PI*317.05*322.89*5.84\DTM*003*20190506\RMR*IV*4132347773*P  I*1902.18*1938.45*36.27\DTM*003*20190506\RMR*IV*4132347994*PI*415.25*422.9*7.65\  DTM*003*20190506\RMR*IV*4132347994*PI*-.02*-.02*0\NTE*INV*PRICE OVERAGE PO 46256  09782 PN 5PHD7\DTM*003*20190513\RMR*IV*4132347995*PI*493.03*502.43*9.4\DTM*003*2  0190506\RMR*IV*4132347995*PI*-.03*-.03*0\NTE*INV*PRICE OVERAGE PO 4625609702 PN  5PHD7\DTM*003*20190514\RMR*IV*4132347996*PI*623.17*634.64*11.47\DTM*003*20190506  \RMR*IV*4132348189*PI*206.69*210.63*3.94\DTM*003*20190507\RMR*IV*4132348330*PI*5  71.07*581.96*10.89\DTM*003*20190508\RMR*IV*4132348331*PI*1631.83*1661.88*30.05\D  TM*003*20190508\RMR*IV*4132348880*PI*4.14*4.22*.08\DTM*003*20190513\SE*33*000000  021\GE*1*1\IEA*1*041899960\,,,2019-05-20,2008590197,1400316356TC,04:52,,,,,,,,,,,,,,,WW Grainger Inc,3361150280,2005-01-09,EDI PYMNTS,CTX,091000010316356,2005-01-09,2008590197,0015FLOW CONTROL, LL,EDI,NORWEST BANK, NORTHWESTERN
2019-05-20,EFT CREDIT,5253.21,0.0,,,,,,,,2019-05-20,XYLEM,1374226133TC,08:37,,,,,,,,,,,,,,SEE EMAILED REMITTANCE,SURFACE PUMP INC,A952657347,2005-01-09,ACH,CCD,122238424226133,2005-01-09,XYLEM,XYLEM,9374893855,12223842
2019-05-20,EFT CREDIT,4386.50,0.0,,,,,ISA*00* *00* *01*006996052PSF *17*042000398820 *190517*003  5*U*00401*000015511*0*P*~\GS*RA*006996052PSF*042000398820*20190517*0035*15511*X*  004010\ST*820*000000282\BPR*D*4386.5*C*ACH*CTX*01*042000398*DA*4110754135*935059  4457**01*021000021*DA*496561379*20190517\NTE*ADD* 3556A61476 3556A61485\TRN*1*  AP0001176833*9350594457\CUR*PE*USD**PE*USD\REF*TN*AP0001176833\N1*RB*JPMORGAN CH  ASE BANK\N1*PR*DE INDIANA OTHER\N1*PE*XYLEM WATER SOLUTIONS USA INC\ENT*1\RMR*IV  *3556A61476**602.5*602.5*0\DTM*003*20190403\RMR*IV*3556A61485**3784*3784*0\DTM*0  03*20190404\SE*15*000000282\GE*1*15511\IEA*1*000015511\,,,2019-05-20,AP0001176833,1400316276TC,04:52,,,,,,,,,,,,,,,DE INDIANA OTHER,9350594457,2005-01-09,EDI PMT PS,CTX,043000090316276,2005-01-09,AP0001176833,0008XYLEM WATER SOLU,,PNC BANK
2019-05-20,EFT CREDIT,3328.00,0.0,,,,,ISA*00* *00* *16*006922371SAPRX *16*0551694520001 *190516*223  9*U*00401*000005046*0*P*>\GS*RA*FPL-SAP*055169452*20190516*2239*39744*X*004010\S  T*820*0060\BPR*D*3328*C*ACH*CTX*01*061112788*DA*3299056053*3331149809**01*021000  021*DA*496561379*20190520\TRN*1*000160821615219\REF*RN*20190515NARU\N1*PE*XYLEM  WATER SOLUTIONS USA INC\N1*PR*NEXTERA ENERGY POINT BEACH LLC\N1*RB*JPMORGAN CHAS  E BANK, NA\ENT*1\RMR*IV*016716-E*PO*120*120*0\DTM*003*20190405\DTM*050*20190405\  RMR*IV*016724-E*PO*1440*1440*0\RMR*IV*016732-E*PO*288*288*0\RMR*IV*016745-E*PO*8  0*80*0\RMR*IV*016745-E-1*PO*60*60*0\RMR*IV*016742-E*PO*1340*1340*0\SE*17*0060\GE  *0001*39744\IEA*0001*000005046\,,,2019-05-20,000160821615219,1400316239TC,04:52,,,,,,,,,,,,,,,NEXTERA ENERGY P,3331149809,2005-01-09,CORP PYMNT,CTX,111000010316239,2005-01-09,000160821615219,0009XYLEM WATER SOLU,,BANK OF AMERICA, N.A.
2019-05-20,EFT CREDIT,3309.82,0.0,,,,,,,,2019-05-20,31602,1374226125TC,08:37,,,,,,,,,,,,,,,MESTEK, INC.,6250661650,,ACH PYMTS,CCD,231372694226125,2005-01-09,31602,XYLEM WATER SYSTEMS US,,SOVEREIGN BANK
2019-05-20,EFT CREDIT,3133.00,0.0,,,,,,,,2019-05-20,682,1374226108TC,08:37,,,,,,,,,,,,,,,CROLL-REYNOLDS C,9519390002,,CORP PAY,CCD,041001034226108,2005-01-09,682,STANDARD EXCHANGE,,KEYBANK, CINCINNATI OH
2019-05-20,EFT CREDIT,2270.60,0.0,,,,,ISA*00* *00* *ZZ*FRCL *ZZ*WELLS FARGO *190517*124  6*U*00401*052568074*0*P*~\GS*RA*FRCL*WELLS FARGO*20190517*1246*1*X*004010\ST*820  *000000016\BPR*U*2270.6*C*ACH*CTX*01*121000248*DA*4054603170*2363107221**01*0210  00021*DA*496561379*20190517\NTE*OBI*V1494\REF*TN*23995\N1*PR*FLOW-RITE CONTROLS\  N1*PE*XYLEM INC\N3*Flow Control LLC*26717 Network Place\N4*Chicago*IL*60673-1267  *US*CC*UNITED STATES\REF*VN*V1494\PER*CN**EM*Gbs.arcollections.na@xyleminc.com\N  1*O1*Wells Fargo\REF*ACH*2363107221\N1*RB*JP MORGAN CHASE BANK NA\ENT*1\RMR*IV*4  132345659**1180.4*1180.4*0\NTE*INV*.\DTM*003*20190418\RMR*IV*4132346278**1090.2*  1090.2*0\NTE*INV*.\DTM*003*20190423\SE*21*000000016\GE*1*1\IEA*1*052568074\,,,2019-05-20,23995,1400316419TC,04:52,,,,,,,,,,,,,,,FLOW-RITE CONTRO,2363107221,2005-01-09,EDI PYMNTS,CTX,091000010316419,2005-01-09,23995,0009XYLEM INC,EDI,NORWEST BANK, NORTHWESTERN
2019-05-20,EFT CREDIT,1319.74,0.0,,,,,,,,2019-05-20,Xylem,1374036566TC,08:37,,,,,,,,,,,,,,,Cogent,1440582909,,VENDOR PMT,CCD,081006164036566,2005-01-09,,Xylem Water Solutions,,08100616
2019-05-20,EFT CREDIT,960.41,0.0,,,,,,,,2019-05-20,000002002488014,1374226136TC,08:37,,,,,,,,,,,,,,REF*TN*000000000000000000002002488014\,ACE HARDWARE,3006928311,,EPOSPYMNTS,CCD  021000024226136,,2005-01-09,000002002488014,RULE INDUSTRIES INC,90193,JPMorgan Chase Bank, N.A. (NY)
2019-05-20,EFT CREDIT,656.30,0.0,,,,,,,,2019-05-20,122234149,1374226104TC,08:37,,,,,,,,,,,,,,,VICTOR VALLEY WA,9953200665,2005-01-09,CASH DISB,CCD,272471854226104,2005-01-09,122234149,XYLEM INC.,,FLAGSTAR BANK, FSB
2019-05-20,EFT CREDIT,630.80,0.0,,,,,ISA*00* *00* *ZZ*HAGE *ZZ*WELLS FARGO *190517*163  2*U*00401*037635577*0*P*~\GS*RA*HAGE*WELLS FARGO*20190517*1632*1*X*004010\ST*820  *000000346\BPR*C*630.8*C*ACH*CTX*01*121000248*DA*4325018182*1562281578**01*02100  0021*DA*496561379*20190517\TRN*1*0001172772\REF*TN*0001172772\REF*5C*$630.80\N1*  PR*VALLEN DISTRIBUTION, INC\N3*P.O. BOX 3630\N4*ALPHARETTA*GA*300233630\REF*19*C  B\N1*PE*XYLEM WATER SOLUTIONS USA, INC\N3*26717 NETWORK PLACE*(ACH)\N4*CHICAGO*I  L*606731267\REF*VN*MT50 1\ENT*1\RMR*IV*3556A61469**630.8*630.8\NTE*ZZZ*4Z-04-21  62\REF*PO*4Z-04-2162*01\DTM*003*20190402\SE*19*000000346\GE*1*1\IEA*1*037635577\,,,2019-05-20,0001172772,1400316286TC,04:52,,,,,,,,,,,,,,,VALLEN DISTRIBUT,1562281578,2005-01-09,EDI PYMNTS,CTX,091000010316286,2005-01-09,0001172772,0008XYLEM WATER SOLU,EDI,NORWEST BANK, NORTHWESTERN
2019-05-20,EFT CREDIT,425.00,0.0,,,,,,,,2019-05-20,10210,1374226131TC,08:37,,,,,,,,,,,,,,,DPNA,1205071465,2005-01-09,PAYMENTS,CCD,091000014226131,2005-01-09,10210,XYLEM INC,,NORWEST BANK, NORTHWESTERN
2019-05-20,EFT CREDIT,342.98,0.0,,,,,,,,2019-05-20,00M004830,1374226114TC,08:37,,,,,,,,,,,,,,,PACE SUPPLY CORP,1680335304,2005-01-09,AP,PPD,111000024226114,2005-01-09,00M004830,XYLEM INC,,BANK OF AMERICA, N.A.
2019-05-20,EFT CREDIT,257.25,0.0,,,,,,,,2019-05-20,XYLEM,1374226123TC,08:37,,,,,,,,,,,,,,,C H SPENCER LLC,4001763001,,VENDOR PMT,CCD,026010784226123,2005-01-09,,XYLEM INC.,,02601078
2019-05-20,EFT CREDIT,119.52,0.0,,,,,DATE : 01/29/19 REF: 3595128351 TYPE: Inv OUR REF: 9899546/SCN  GROSS AMOUNT: 119.52 DISC AMOUNT: NET AMOUNT: 1,,,2019-05-20,000099319,1400316318TC,04:52,,,,,,,,,,,,,,,SUNBELT RENTALS,3580415192,2005-01-09,PAYMENT,CTX,111000020316318,2005-01-09,000099319,0002GRINDEX PUMPS LL,,BANK OF AMERICA, N.A.
2019-05-20,EFT CREDIT,22.88,0.0,,,,,,,,2019-05-20,GRINDEX,1374226121TC,08:37,,,,,,,,,,,,,,,C H SPENCER LLC,4001763001,,VENDOR PMT,CCD,026010784226121,2005-01-09,,GRINDEX PUMPS,,02601078
2019-05-20,CHIPS CREDIT,3674.81,0.0,,,,,,,,2019-05-20,O/B CITIBANK NYC,9050900140FC,15:40,STRAIGHT,O/B CITIBANK NYC,CITIBANK N.A. 399 PARK AVENUE NEW YORK NY 10043-0001,,/00002020700293831872 FLUID EQUIPMENT SUPPLY COM BLVD ADOLFO LOPEZ MATEOS 2292 4  ZONMEXICALI MX,,BANCO NACIONAL DE MEXICO S.A. INTEGRANTE DEL GRUPO FINANCIER ISABEL LA CATOLICA  NO.44 CENTRO MEXICO MEXICO 11560,,,05201938,,0081008,423780,RFB FLUID EQUIPMENT SUPPLY COMPANY S DE RL D INVOICE 3306724844 33067 25061 1572118 /  ACC/1/XYLEM INC2/3878 S WILLOW AVE104 3/US/NEW YORK DEBIT REF S0691402AA7901,,,,,,,,,,,
2019-05-20,BOOK TRANSFER CREDIT,8345.00,0.0,,,,,,44 items 3,615,507.78  D e b i t s  Tran. Date Report Time,,2019-05-20,SWF OF 19/05/20,2702259140JR,04:14,STRAIGHT,SWF OF 19/05/20,00000000010977122 JPMORGAN CHASE BANK NA MUMBAI J.P.MORGAN TOWER OFF C.S.T.  ROAD KALINA SANTACRUZ EAST MUMBAI MH INDIA 400098,,/005370003716 1/XYLEM WATER SOLUTIONS INDIA PRIVA1/TE LIMITED 2/PLOT NO. 731,  MANJUSAR GIDC SAVLI3/IN/VADODARA GU 391770,,JPMORGAN CHASE BANK, N.A. MAKER CHAMBERS VI NARIMAN POINT FLOOR 8 UNIT 83 MUMBAI  INDIA,,,05200810,,,,0412201901 0415201901 INST/HFM-3643/CHGS/USD0,//CHGS/USD25,00/ /OCMT/USD8370,/ /REG/  S0102 DEBIT REF T54CCSW088987,,,,,,,,,,,
2019-05-20,CASH CNTRN TRN DB,0.0,3222563.78,,,,,,,1 item 3,222,563.78  END OF REPORT,2019-05-20,000000989900659,0051930780XF,02:46,,,,,,,,,,,,,,CASH CONCENTRATION TRANSFER DEBIT TO ACCOUNT 000000989900659 TRN: 0051930780XF,,,,,,,,,,,
